<record><leader>00000cas a22000007a 4500</leader><controlfield tag="001">11244689</controlfield><controlfield tag="008">841009d18601861nyuwr ne      0    0eng d</controlfield><datafield ind1=" " ind2=" " tag="010"><subfield code="a">sn 84031829 </subfield></datafield><datafield ind1=" " ind2=" " tag="040"><subfield code="a">NYG</subfield><subfield code="b">eng</subfield><subfield code="c">NYG</subfield><subfield code="d">NYS</subfield><subfield code="d">OCL</subfield><subfield code="d">OCLCQ</subfield><subfield code="d">OCLCF</subfield><subfield code="d">OCLCO</subfield></datafield><datafield ind1="1" ind2=" " tag="029"><subfield code="a">AU@</subfield><subfield code="b">000020232583</subfield></datafield><datafield ind1=" " ind2=" " tag="042"><subfield code="a">msc</subfield></datafield><datafield ind1=" " ind2=" " tag="043"><subfield code="a">n-us-ny</subfield></datafield><datafield ind1="0" ind2="0" tag="245"><subfield code="a">Catskill recorder &amp; Democrat and Democratic herald.</subfield></datafield><datafield ind1="3" ind2="0" tag="246"><subfield code="a">Catskill recorder and Democrat and Democratic herald</subfield></datafield><datafield ind1=" " ind2=" " tag="260"><subfield code="a">Catskill [N.Y.] :</subfield><subfield code="b">George P. Barber,</subfield><subfield code="c">1860-1861.</subfield></datafield><datafield ind1=" " ind2=" " tag="300"><subfield code="a">2 v. :</subfield><subfield code="b">ill. ;</subfield><subfield code="c">64 cm.</subfield></datafield><datafield ind1=" " ind2=" " tag="310"><subfield code="a">Weekly</subfield></datafield><datafield ind1="0" ind2=" " tag="362"><subfield code="a">Recorder vol. 58, no. 6, Democrat vol. 17, no. 867 (Jan. 19, 1860)-Recorder v. 59, no. 12, Democrat v. 18, no. 925 (Mar. 7, 1861).</subfield></datafield><datafield ind1=" " ind2=" " tag="500"><subfield code="a">Published on Thursday.</subfield></datafield><datafield ind1=" " ind2=" " tag="500"><subfield code="a">Published by: Joseph Joesbury, &lt;Nov. 15, 1860&gt;; and by: J.B. Hall &amp; P. Deyo, &lt;1861&gt;.</subfield></datafield><datafield ind1=" " ind2="0" tag="651"><subfield code="a">Catskill (N.Y.)</subfield><subfield code="v">Newspapers.</subfield></datafield><datafield ind1=" " ind2="7" tag="655"><subfield code="a">Newspapers.</subfield><subfield code="2">fast</subfield><subfield code="0">(OCoLC)fst01423814</subfield></datafield><datafield ind1=" " ind2="7" tag="651"><subfield code="a">New York (State)</subfield><subfield code="z">Catskill.</subfield><subfield code="2">fast</subfield><subfield code="0">(OCoLC)fst01222261</subfield></datafield><datafield ind1=" " ind2=" " tag="752"><subfield code="a">United States</subfield><subfield code="b">New York</subfield><subfield code="c">Greene</subfield><subfield code="d">Catskill.</subfield></datafield><datafield ind1="0" ind2="0" tag="780"><subfield code="t">Catskill recorder &amp; Democrat</subfield><subfield code="w">(DLC)sn 91066688</subfield><subfield code="w">(OCoLC)24513191</subfield></datafield><datafield ind1="0" ind2="0" tag="785"><subfield code="t">Recorder and Democrat</subfield><subfield code="w">(DLC)sn 83031450</subfield></datafield></record>